@book{ambaum,
	author		= "Maarten Ambaum",
	title		= "Thermal Physics of the Atmosphere",
	publisher	= "Wiley",
	year		= "2010",
	month		= "April"
}
@article{loridan,
	author		= "Thomas Loridan and C. S. B. Grimmond and Brian D. Offerle and Duick T. Young and Thomas E. L. Smith and Leena J{\"a}rvi and Fredrik Lindberg",
	title		= "Local-Scale Urban Meteorological Parameterization Scheme (LUMPS): Longwave Radiation Parameterization and Seasonality-Related Developments",
	journal		= "Journal of Applied Meteorology and Climatology",
	year		= "2011",
	month		= "January"
}
@book{jacobson,
	author		= "Mark Zachary Jacobson",
	title		= "Fundamentals of atmospheric modelling",
	publisher	= "Cambridge University Press",
	year		= "2005",
	edition		= "2"
}
% pp 261--263
@book{stephens,
	author		= "Graeme L. Stephens",
	title		= "Remote Sensing of the Lower Atmosphere: An Introduction",
	publisher	= "Oxford University Press",
	year		= "1994"
}

@article{offerle,
  title={Parameterization of net all-wave radiation for urban areas.},
  author={Brian Offerle and C.S.B. Grimmond and Timothy R Oke},
  journal={Journal of Applied Meteorology},
  volume={42},
  number={8},
  year={2003}
}

@book{oke,
  title={Boundary layer climates},
  author={Timothy R Oke},
  volume={5},
  year={1987},
  publisher={Psychology Press}
}

@article{wild,
  title={The global energy balance from a surface perspective},
  author={Martin Wild and Doris Folini and Christoph Sch{\"a}r and Norman Loeb and Ellsworth G Dutton and Gert K{\"o}nig-Langlo},
  journal={Climate dynamics},
  volume={40},
  number={11-12},
  pages={3107--3134},
  year={2013},
  publisher={Springer}
}
